<?xml version="1.0" encoding="UTF-8"?><record xmlns="http://www.loc.gov/MARC21/slim" xmlns:cinclude="http://apache.org/cocoon/include/1.0" xmlns:zs="http://www.loc.gov/zing/srw/">
  <leader>00816cz  a2200217n  4500</leader>
  <controlfield tag="001">no2002085665</controlfield>
  <controlfield tag="003">DLC</controlfield>
  <controlfield tag="005">20130320092607.0</controlfield>
  <controlfield tag="008">020918n| azannaabn          |a aaa     c</controlfield>
  <datafield tag="010" ind1=" " ind2=" ">
    <subfield code="a">no2002085665</subfield>
  </datafield>
  <datafield tag="035" ind1=" " ind2=" ">
    <subfield code="a">(OCoLC)oca05866185</subfield>
  </datafield>
  <datafield tag="040" ind1=" " ind2=" ">
    <subfield code="a">InU</subfield>
    <subfield code="b">eng</subfield>
    <subfield code="e">rda</subfield>
    <subfield code="c">InU</subfield>
    <subfield code="d">DLC</subfield>
  </datafield>
  <datafield tag="046" ind1=" " ind2=" ">
    <subfield code="f">1837</subfield>
  </datafield>
  <datafield tag="100" ind1="1" ind2=" ">
    <subfield code="a">Lehmann, Adolf,</subfield>
    <subfield code="d">1837-</subfield>
  </datafield>
  <datafield tag="400" ind1="1" ind2=" ">
    <subfield code="w">nnea</subfield>
    <subfield code="a">Lehmann, Adolf,</subfield>
    <subfield code="d">b. 1837</subfield>
  </datafield>
  <datafield tag="400" ind1="1" ind2=" ">
    <subfield code="a">Lehmann, Adolph,</subfield>
    <subfield code="d">1837-</subfield>
  </datafield>
  <datafield tag="400" ind1="1" ind2=" ">
    <subfield code="a">Lehmann, Adolphus,</subfield>
    <subfield code="d">1837-</subfield>
  </datafield>
  <datafield tag="670" ind1=" " ind2=" ">
    <subfield code="a">De verborum compositorum quae apud Sallustium, Caesarem, Livium, Tacitum leguntur cum dativo structura commentatio. Pars I, 1884:</subfield>
    <subfield code="b">t.p. (Dr. Adolphus Lehmann, Sup. Ord. Mag.)</subfield>
  </datafield>
  <datafield tag="670" ind1=" " ind2=" ">
    <subfield code="a">NUC pre-56</subfield>
    <subfield code="b">(Lehmann, Adolf, 1837- )</subfield>
  </datafield>
  <datafield tag="670" ind1=" " ind2=" ">
    <subfield code="a">OCLC, 18 Sept. 2002</subfield>
    <subfield code="b">(hdg.: Lehmann, Adolf; Lehmann, Adolph, 1837- )</subfield>
  </datafield>
  <datafield tag="670" ind1=" " ind2=" ">
    <subfield code="a">BM cat.</subfield>
    <subfield code="b">(Lehmann, Adolphus)</subfield>
  </datafield>
</record>